% Encoding: UTF-8

@Article{Gouvea2011,
  author    = {Fernando Q. Gouv{\^{e}}a},
  journal   = {amer. math. monthly},
  title     = {Was Cantor surprised?},
  year      = {2011},
  note      = {dostopno tudi na \url{https://www.maa.org/sites/default/files/pdf/pubs/AMM-March11_Cantor.pdf}},
  pages     = {198--209},
  volume    = {118},
  doi       = {10.4169/Amer. math. monthly.118.03.198},
  publisher = {Informa {UK} Limited},
}

@Book{Engelking1989,
  author    = {Ryszard Engelking},
  publisher = {Heldermann Verlag},
  title     = {General topology},
  year      = {1989},
  address   = {Berlin},
  isbn      = {3-88538-006-4},
  series    = {Sigma series in pure mathematics},
  volume    = {6},
}

@Book{Munkres,
  author    = {James Raymond Munkres},
  publisher = {Addison-Wesley publishing company},
  title     = {Elements of algebraic topology},
  year      = {1984},
  isbn      = {0-201-04586-93-88538-006-4}
}

@Book{hatcher,
  author    = {Allen Hatcher},
  publisher = {Cambridge University Press},
  title     = {Algebraic topology},
  year      = {2002},
}

@Article{Kulpa,
  author  = {Władysław Kulpa},
  journal = {Acta univ. carolin. math. phys.},
  title   = {Poincar\'e and domain invariance theorem},
  year    = {1998},
  note    = {dostopno tudi na \url{https://dml.cz/bitstream/handle/10338.dmlcz/702050/ActaCarolinae_039-1998-1_10.pdf}},
  number  = {1},
  pages   = {127--136},
  volume  = {39},
}

@MastersThesis{Ahlbach,
  author = {Connor Thomas Ahlbach},
  school = {Department of mathematics, Harvey Mudd College},
  title  = {A discrete approach to the Poincare-Miranda theorem},
  year   = {2013},
}

@Book{4dim,
  author    = {Henry Parker Manning},
  publisher = {Macmillan},
  title     = {Geometry of four dimensions},
  year      = {1914},
  address   = {New York},
  note    = {dostopno tudi na \url{https://archive.org/details/geometryoffourdi033495mbp/page/n3/mode/2up}},
}

@Book{Schaefer2014,
  author    = {Schäfer, Uwe},
  publisher = {Karlsruher Institut für Technologie},
  title     = {From Sperner's lemma to differential equations in Banach spaces : An introduction to fixed point theorems and their applications},
  year      = {2014},
  isbn      = {978-3-7315-0260-9},
  note      = {dostopno tudi na \url{https://d-nb.info/106449790X/34}},
  date      = {2014-12-08},
  doi       = {10.5445/KSP/1000042944},
  ean       = {9783731502609},
  pagetotal = {150},
  url       = {https://www.ebook.de/de/product/23463433/uwe_schaefer_from_sperner_s_lemma_to_differential_equations_in_banach_spaces_an_introduction_to_fixed_point_theorems_and_their_applications.html},
}

@Article{Dauben1975,
  author    = {Joseph Warren Dauben},
  journal   = {Historia Math.},
  title     = {The invariance of dimension: Problems in the early development of set theory and topology [1]},
  year      = {1975},
  issn      = {0315-0860},
  number    = {3},
  pages     = {273--288},
  volume    = {2},
  doi       = {10.1016/0315-0860(75)90066-x},
  publisher = {Elsevier {BV}},
}

@Misc{simplex,
	title = {Simplex},
	key = {zzz-simplex},
	note  = {[ogled 22.\ 4.\ 2020], dostopno na \url{https://en.wikipedia.org/wiki/Simplex}.}, 
}

@Misc{Peano,
	title = {Peano curve},
	key = {zzz-Peano},
	note  = {[ogled 14.\ 5.\ 2020], dostopno na \url{https://en.wikipedia.org/wiki/Peano_curve}.}, 
}

@Misc{convexhull,
	title = {Convex hull},
	key = {zzz-convex hull},
	note  = {[ogled 22.\ 4.\ 2020], dostopno na \url{https://en.wikipedia.org/wiki/Convex_hull}.},
}


@Comment{jabref-meta: databaseType:bibtex;}
